@article{brown2014run,
  title={Run-time extensibility and librarization of simulation software},
  author={Brown, Jed and Knepley, Matthew G and Smith, Barry F},
  journal={arXiv preprint arXiv:1407.2905},
  year={2014}
}

@inproceedings{turk2013scaling,
  title={Scaling a code in the human dimension},
  author={Turk, Matthew J},
  booktitle={Proceedings of the Conference on Extreme Science and Engineering Discovery Environment: Gateway to Discovery},
  pages={69},
  year={2013},
  organization={ACM}
}
